
@article{gao2016universal,
  title={Universal resilience patterns in complex networks},
  author={Gao, Jianxi and Barzel, Baruch and Barab{\'a}si, Albert-L{\'a}szl{\'o}},
  journal={Nature},
  volume={530},
  number={7590},
  pages={307--312},
  year={2016},
  publisher={Nature Publishing Group}
}

@article{ash2007optimizing,
  title={Optimizing complex networks for resilience against cascading failure},
  author={Ash, J and Newth, D},
  journal={Physica A: Statistical Mechanics and its Applications},
  volume={380},
  pages={673--683},
  year={2007},
  publisher={Elsevier}
}

